<?xml version="1.0" encoding="UTF-8"?>
  <record xmlns="http://www.loc.gov/MARC21/slim" type="Authority">
    <leader>00000nz  a2200000nc 4500</leader>
    <controlfield tag="001">040436373</controlfield>
    <controlfield tag="003">DE-101</controlfield>
    <controlfield tag="005">20210726210756.0</controlfield>
    <controlfield tag="008">880701n||azznnaabn           | ana    |c</controlfield>
    <datafield tag="024" ind1="7" ind2=" ">
      <subfield code="a">4043637-8</subfield>
      <subfield code="0">http://d-nb.info/gnd/4043637-8</subfield>
      <subfield code="2">gnd</subfield>
    </datafield>
    <datafield tag="024" ind1="7" ind2=" ">
      <subfield code="a">2857167</subfield>
      <subfield code="2">geonames</subfield>
    </datafield>
    <datafield tag="034" ind1=" " ind2=" ">
      <subfield code="d">E 008 21 35</subfield>
      <subfield code="e">E 008 21 35</subfield>
      <subfield code="f">N 049 51 16</subfield>
      <subfield code="g">N 049 51 16</subfield>
      <subfield code="2">geonames</subfield>
      <subfield code="0">https://sws.geonames.org/2857167</subfield>
      <subfield code="9">A:agx</subfield>
    </datafield>
    <datafield tag="034" ind1=" " ind2=" ">
      <subfield code="d">E008.359740</subfield>
      <subfield code="e">E008.359740</subfield>
      <subfield code="f">N049.854700</subfield>
      <subfield code="g">N049.854700</subfield>
      <subfield code="2">geonames</subfield>
      <subfield code="0">https://sws.geonames.org/2857167</subfield>
      <subfield code="9">A:dgx</subfield>
    </datafield>
    <datafield tag="035" ind1=" " ind2=" ">
      <subfield code="a">(DE-101)040436373</subfield>
    </datafield>
    <datafield tag="035" ind1=" " ind2=" ">
      <subfield code="a">(DE-588)4043637-8</subfield>
    </datafield>
    <datafield tag="035" ind1=" " ind2=" ">
      <subfield code="z">(DE-588)2020972-1</subfield>
    </datafield>
    <datafield tag="035" ind1=" " ind2=" ">
      <subfield code="z">(DE-588b)2020972-1</subfield>
      <subfield code="9">v:zg</subfield>
    </datafield>
    <datafield tag="035" ind1=" " ind2=" ">
      <subfield code="z">(DE-588c)4043637-8</subfield>
      <subfield code="9">v:zg</subfield>
    </datafield>
    <datafield tag="040" ind1=" " ind2=" ">
      <subfield code="a">DE-101</subfield>
      <subfield code="c">DE-101</subfield>
      <subfield code="9">r:DE-101</subfield>
      <subfield code="b">ger</subfield>
      <subfield code="d">1210</subfield>
    </datafield>
    <datafield tag="042" ind1=" " ind2=" ">
      <subfield code="a">gnd1</subfield>
    </datafield>
    <datafield tag="043" ind1=" " ind2=" ">
      <subfield code="c">XA-DE-RP</subfield>
    </datafield>
    <datafield tag="075" ind1=" " ind2=" ">
      <subfield code="b">g</subfield>
      <subfield code="2">gndgen</subfield>
    </datafield>
    <datafield tag="075" ind1=" " ind2=" ">
      <subfield code="b">gik</subfield>
      <subfield code="2">gndspec</subfield>
    </datafield>
    <datafield tag="079" ind1=" " ind2=" ">
      <subfield code="a">g</subfield>
      <subfield code="q">s</subfield>
      <subfield code="q">f</subfield>
      <subfield code="u">w</subfield>
      <subfield code="u">z</subfield>
      <subfield code="u">v</subfield>
      <subfield code="u">o</subfield>
    </datafield>
    <datafield tag="083" ind1="0" ind2="4">
      <subfield code="z">2</subfield>
      <subfield code="a">4343542</subfield>
      <subfield code="9">d:2</subfield>
      <subfield code="9">t:2007-01-01</subfield>
      <subfield code="2">22/ger</subfield>
    </datafield>
    <datafield tag="151" ind1=" " ind2=" ">
      <subfield code="a">Oppenheim</subfield>
    </datafield>
    <datafield tag="451" ind1=" " ind2=" ">
      <subfield code="a">Stadt Oppenheim</subfield>
    </datafield>
    <datafield tag="451" ind1=" " ind2=" ">
      <subfield code="a">Oppenheim am Rhein</subfield>
    </datafield>
    <datafield tag="451" ind1=" " ind2=" ">
      <subfield code="a">Oppenheimium</subfield>
    </datafield>
    <datafield tag="451" ind1=" " ind2=" ">
      <subfield code="a">Openhemium</subfield>
    </datafield>
    <datafield tag="451" ind1=" " ind2=" ">
      <subfield code="a">Oppeheim</subfield>
    </datafield>
    <datafield tag="667" ind1=" " ind2=" ">
      <subfield code="a">MMm</subfield>
    </datafield>
    <datafield tag="670" ind1=" " ind2=" ">
      <subfield code="a">Orts-Mü. 27</subfield>
    </datafield>
    <datafield tag="670" ind1=" " ind2=" ">
      <subfield code="a">B 2006</subfield>
    </datafield>
    <datafield tag="670" ind1=" " ind2=" ">
      <subfield code="a">CERL Thesaurus</subfield>
    </datafield>
    <datafield tag="678" ind1=" " ind2=" ">
      <subfield code="b">Stadt (seit 1225) am Rhein, Landkreis Mainz-Bingen, 765 urkundl. erwähnt</subfield>
    </datafield>
    <datafield tag="913" ind1=" " ind2=" ">
      <subfield code="S">swd</subfield>
      <subfield code="i">g</subfield>
      <subfield code="a">Oppenheim</subfield>
      <subfield code="0">(DE-588c)4043637-8</subfield>
    </datafield>
    <datafield tag="913" ind1=" " ind2=" ">
      <subfield code="S">gkd</subfield>
      <subfield code="i">a</subfield>
      <subfield code="a">Oppenheim</subfield>
      <subfield code="0">(DE-588b)2020972-1</subfield>
    </datafield>
  </record>
